@misc{
    Abrash14,
    author = "Michael Abrash",
    title = "Steam Dev Days",
    howpublished = "\url{http://media.steampowered.com/apps/abrashblog/Abrash%20Dev%20Days%202014.pdf}",
    year = "2014"
}


@misc{
    Abrash12,
    author = "Michael Abrash",
    title = "Latency - the sine qua non of AR and VR",
    howpublished = "\url{http://blogs.valvesoftware.com/abrash/latency-the-sine-qua-non-of-ar-and-vr/}",
    year = "2012"
}


@misc{
    Carmack13,
    author = "John Carmack",
    title = "Latency Mitigation Strategies",
    howpublished = "\url{https://web.archive.org/web/20140719053303/http://www.altdev.co/2013/02/22/latency-mitigation-strategies/}",
    year = "2013"
}

@misc{
    Sensorama,
    author = "Morton Heilig",
    title = "Sensorama -- {US Patent} \#3050870",
    howpublished = "\url{http://www.mortonheilig.com/SensoramaPatent.pdf}",
    year = "1962"
}


@misc{
    Sutherland68,
    author = "Ivan E. Sutherland",
    title = "A head-mounted three dimensional display",
    howpublished = "\url{http://design.osu.edu/carlson/history/PDFs/p757-sutherland.pdf}",
    year = "1968"
}
